@article{wang2019language,
    title={Language models with transformers},
    author={Wang, Chenguang and Li, Mu and Smola, Alexander J},
    journal={arXiv preprint arXiv:1904.09408},
    year={2019},
    url = {https://arxiv.org/pdf/1904.09408.pdf},
}
@article{ELMAN1990179,
    title = {Finding structure in time},
    journal = {Cognitive Science},
    volume = {14},
    number = {2},
    pages = {179-211},
    year = {1990},
    issn = {0364-0213},
    doi = {https://doi.org/10.1016/0364-0213(90)90002-E},
    url = {https://www.sciencedirect.com/science/article/pii/036402139090002E},
    author = {Jeffrey L. Elman}
}

@incollection{Ngram_Language_Models,
    author = {Jurafsky, Daniel and Martin, James H.},
    booktitle = {Speech and Language Processing: An Introduction to Natural Language Processing, Computational Linguistics, and Speech Recognition},
    title = {N-gram Language Models},
    year = {2022},
    pages = {30-56},
    chapter = {3},
    address = {USA},
    edition = {3rd},
    url = {https://web.stanford.edu/~jurafsky/slp3/ed3book_jan122022.pdf}
}

@inproceedings{Bengio_et_al_2003,
    author = {Bengio, Yoshua and Ducharme, R\'{e}jean and Vincent, Pascal},
    booktitle = {Advances in Neural Information Processing Systems},
    editor = {T. Leen and T. Dietterich and V. Tresp},
    pages = {},
    publisher = {MIT Press},
    title = {A Neural Probabilistic Language Model},
    url = {https://proceedings.neurips.cc/paper/2000/file/728f206c2a01bf572b5940d7d9a8fa4c-Paper.pdf},
    volume = {13},
    year = {2000}
}

@article{merity2017regularizing,
    title={Regularizing and optimizing LSTM language models},
    author={Merity, Stephen and Keskar, Nitish Shirish and Socher, Richard},
    journal={arXiv preprint arXiv:1708.02182},
    year={2017},
    url = {https://arxiv.org/pdf/1708.02182.pdf}
}

@article{TreebankPenn,
    author = {Marcus, Mitchell P. and Marcinkiewicz, Mary Ann and Santorini, Beatrice},
    title = {Building a Large Annotated Corpus of English: The Penn Treebank},
    year = {1993},
    issue_date = {June 1993},
    publisher = {MIT Press},
    address = {Cambridge, MA, USA},
    volume = {19},
    number = {2},
    issn = {0891-2017},
    journal = {Comput. Linguist.},
    month = {jun},
    pages = {313–330},
    numpages = {18},
    url = {https://catalog.ldc.upenn.edu/docs/LDC95T7/cl93.html}
}

@Inbook{treebankProject,
    author="Taylor, Ann and Marcus, Mitchell and Santorini, Beatrice",
    editor="Abeill{\'e}, Anne",
    title="The Penn Treebank: An Overview",
    bookTitle="Treebanks: Building and Using Parsed Corpora",
    year="2003",
    publisher="Springer Netherlands",
    address="Dordrecht",
    pages="5--22",
    chapter = 1,
    isbn="978-94-010-0201-1",
    doi="10.1007/978-94-010-0201-1_1",
    url={https://citeseerx.ist.psu.edu/viewdoc/download?doi=10.1.1.9.8216&rep=rep1&type=pdf}
}

@misc{wordLanguageModel,
  author = {Pytorch},
  title = {Word Language Model},
  year = {2022},
  publisher = {GitHub},
  journal = {GitHub repository},
  url = {https://github.com/pytorch/examples/tree/main/word_language_model},
  commit = {21c240b814658e590b4fa9d4682d39831060c5b9}
}

@misc{customDatasets,
  author = {Pytorch},
  title = {Writing Custom Datasets, DataLoaders and Transforms — PyTorch Tutorials 1.12.0+cu102 documentation},
  year = {2022},
  publisher = {Pytorch.org},
  url = {https://pytorch.org/tutorials/beginner/data_loading_tutorial.html#dataset-class}
}